@inproceedings{chien2008geometric,
  title={Geometric Burrows-Wheeler transform: Linking range searching and text indexing},
  author={Chien, Yu-Feng and Hon, Wing-Kai and Shah, Rahul and Vitter, Jeffrey Scott},
  booktitle={Data Compression Conference (dcc 2008)},
  pages={252--261},
  year={2008},
  organization={IEEE}
}
@inproceedings{culpepper2010top,
  title={Top-k ranked document search in general text databases},
  author={Culpepper, J Shane and Navarro, Gonzalo and Puglisi, Simon J and Turpin, Andrew},
  booktitle={Algorithms--ESA 2010: 18th Annual European Symposium, Liverpool, UK, September 6-8, 2010. Proceedings, Part II 18},
  pages={194--205},
  year={2010},
  organization={Springer}
}
@article{navarro2007compressed,
  title={Compressed full-text indexes},
  author={Navarro, Gonzalo and M{\"a}kinen, Veli},
  journal={ACM Computing Surveys (CSUR)},
  volume={39},
  number={1},
  pages={2--es},
  year={2007},
  publisher={ACM New York, NY, USA}
}
@article{ferragina1999string,
  title={The string B-tree: A new data structure for string search in external memory and its applications},
  author={Ferragina, Paolo and Grossi, Roberto},
  journal={Journal of the ACM (JACM)},
  volume={46},
  number={2},
  pages={236--280},
  year={1999},
  publisher={ACM New York, NY, USA}
}
@inproceedings{chiu2010efficient,
  title={I/O-efficient compressed text indexes: From theory to practice},
  author={Chiu, Sheng-Yuan and Hon, Wing-Kai and Shah, Rahul and Vitter, Jeffrey Scott},
  booktitle={2010 Data Compression Conference},
  pages={426--434},
  year={2010},
  organization={IEEE}
}
@inproceedings{mathur2007new,
  title={The new ext4 filesystem: current status and future plans},
  author={Mathur, Avantika and Cao, Mingming and Bhattacharya, Suparna and Dilger, Andreas and Tomas, Alex and Vivier, Laurent},
  booktitle={Proceedings of the Linux symposium},
  volume={2},
  pages={21--33},
  year={2007},
  organization={Citeseer}
}
@inproceedings{clark1996efficient,
  title={Efficient suffix trees on secondary storage},
  author={Clark, David R and Munro, J Ian},
  booktitle={Proceedings of the seventh annual ACM-SIAM symposium on Discrete algorithms},
  pages={383--391},
  year={1996}
}
@inproceedings{phillips2001directory,
  title={A Directory Index for EXT2.},
  author={Phillips, Daniel},
  booktitle={Annual Linux Showcase \& Conference},
  year={2001}
}
@article{mishra2018fast,
  title={Fast pattern matching in compressed text using wavelet tree},
  author={Mishra, Surya Prakash and Prasad, Rajesh and Singh, Gurmit},
  journal={IETE Journal of Research},
  volume={64},
  number={1},
  pages={87--99},
  year={2018},
  publisher={Taylor \& Francis}
}
@inproceedings{gonzalez2007compressed,
  title={Compressed text indexes with fast locate},
  author={Gonz{\'a}lez, Rodrigo and Navarro, Gonzalo},
  booktitle={CPM},
  volume={4580},
  pages={216--227},
  year={2007},
  organization={Springer}
}
@inproceedings{grabowski2017fm,
  title={FM-index for dummies},
  author={Grabowski, Szymon and Raniszewski, Marcin and Deorowicz, Sebastian},
  booktitle={Beyond Databases, Architectures and Structures. Towards Efficient Solutions for Data Analysis and Knowledge Representation: 13th International Conference, BDAS 2017, Ustro{\'n}, Poland, May 30-June 2, 2017, Proceedings 13},
  pages={189--201},
  year={2017},
  organization={Springer}
}
@article{вандервуд2003шаблоны,
  title={Шаблоны C++: справочник разработчика: Пер. с англ.},
  author={Вандервуд, Д and Джосаттис, Н},
  journal={М.:{\guillemotleft}Вильямс},
  year={2003}
}

@online{BLAST,
    title        = {Sequence databases for use with the stand-alone BLAST programs},
    url          = {https://ftp.ncbi.nlm.nih.gov/blast/db}
}

@online{1000HumanGenom,
    title        = {The 1000 Genomes Project (human)},
    url          = {https://ftp.1000genomes.ebi.ac.uk/vol1/ftp/data\_collections/\\1000G\_2504\_high\_coverage/working/20200515\_EBI\_Freebayescalls}
}

@online{Apple192Gb,
    title        = {Apple Mac Studio on Apple M2 Ultra chip},
    url          = {https://www.apple.com/mac-studio/specs/}
}
@inproceedings{cobb2012nvm,
  title={Nvm express and the pci express ssd revolution},
  author={Cobb, Danny and Huffman, Amber},
  booktitle={Intel Developer Forum},
  volume={2012},
  year={2012},
  organization={Intel}
}
@inproceedings{agrawal2008design,
  title={Design tradeoffs for SSD performance.},
  author={Agrawal, Nitin and Prabhakaran, Vijayan and Wobber, Ted and Davis, John D and Manasse, Mark S and Panigrahy, Rina},
  booktitle={USENIX Annual Technical Conference},
  volume={57},
  year={2008},
  organization={Boston, USA}
}

@inproceedings{koo20121,
  title={A 1.2 V 38nm 2.4 Gb/s/pin 2Gb DDR4 SDRAM with bank group and$\times$ 4 half-page architecture},
  author={Koo, Kibong and Ok, Sunghwa and Kang, Yonggu and Kim, Seungbong and Song, Choungki and Lee, Hyeyoung and Kim, Hyungsoo and Kim, Yongmi and Lee, Jeonghun and Oak, Seunghan and others},
  booktitle={2012 IEEE International Solid-State Circuits Conference},
  pages={40--41},
  year={2012},
  organization={IEEE}
}

@inproceedings{wang2018building,
  title={Building a bw-tree takes more than just buzz words},
  author={Wang, Ziqi and Pavlo, Andrew and Lim, Hyeontaek and Leis, Viktor and Zhang, Huanchen and Kaminsky, Michael and Andersen, David G},
  booktitle={Proceedings of the 2018 International Conference on Management of Data},
  pages={473--488},
  year={2018}
}
